@article{1,
   author = "Howie Choset",
   title = "{Coverage For Robotics - A Survey Of Recent Results}",
   journal = "Annals of Mathematics and Artificial Intelligence",
   pages = "113 - 126",
   year = "2001",
   volume = "31",
   address = "Pittsburgh"
}
@inproceedings{2,
  title={{Multiple UAV Area Decomposition and Coverage}},
  author={Araujo, JF and Sujit, PB and Sousa, JB},
  booktitle={2013 IEEE Symposium on Computational Intelligence for Security and Defense Applications (CISDA)},
  pages={30--37},
  year={2013},
  doi={10.1109/CISDA.2013.6595424}, 
  organization={IEEE},
  address={Singapore}, 
}
@inproceedings{3,
  title={{Cooperative Area Reconnaissance for Multi-UAV in Dynamic Environment}},
  author={Chen, Jie and Zha, Wenzhong and Peng, Zhihong and Zhang, Jian},
  booktitle={Control Conference (ASCC), 2013 9th Asian},
  pages={1--6},
  year={2013},
  organization={IEEE},
  address={Istanbul},
}
@inproceedings{4,
  title={{Visual Coverage Using Autonomous Mobile Robots for Search and Rescue Applications}},
  author={Del Bue, Alessio and Tamassia, M and Signorini, F and Murino, Vittorio and Farinelli, A},
  booktitle={2013 IEEE International Symposium on Safety, Security, and Rescue Robotics (SSRR)},
  pages={1--8},
  year={2013},
  organization={IEEE},
  address={Linköping, Sweden},
}
@inproceedings{5,
  title={{Complete Coverage Control for Nonholonomic Mobile Robots in Dynamic Environments}},
  author={Guo, Yi and Balakrishnan, Mohanakrishnan},
  booktitle={Proceedings 2006 IEEE International Conference on Robotics and Automation, 2006. ICRA 2006. },
  pages={1704--1709},
  year={2006},
  organization={IEEE},
  address={Orlando, USA},
}
@inproceedings{6,
  title={{Time-optimal UAV Trajectory Planning for 3D Urban Structure Coverage}},
  author={Cheng, Peng and Keller, James and Kumar, Vijay},
  booktitle={IEEE/RSJ International Conference on Intelligent Robots and Systems, 2008. IROS 2008. },
  pages={2750--2757},
  year={2008},
  organization={IEEE},
  address={Nice, France},
}
@inproceedings{7,
  title={{Path Planning for Reconnaissance UAV Based on Particle Swarm Optimization}},
  author={Bao, Yong and Fu, Xiaowei and Gao, Xiaoguang},
  booktitle={Second International Conference on Computational Intelligence and Natural Computing Proceedings (CINC), 2010 },
  volume={2},
  pages={28--32},
  year={2010},
  organization={IEEE},
  address={Wuhan, China},
}
@inproceedings{8,
  title={{Resource Allocation with Cooperative Path Planning for Multiple UAVs}},
  author={Shin, Hyo-Sang and Leboucher, C{\'e}dric and Tsourdos, Antonios},
  booktitle={UKACC International Conference on Control (CONTROL), 2012 },
  pages={298--303},
  year={2012},
  organization={IEEE},
  address={Coventry University,UK},
}
@inproceedings{9,
  title={{Variable Probability Based Bidirectional RRT algorithm for UAV Path Planning}},
  author={Xinggang, Wu and Cong, Guo and Yibo, Li},
  booktitle={Control and Decision Conference (2014 CCDC), The 26th Chinese},
  pages={2217--2222},
  year={2014},
  organization={IEEE},
  address={China},
  
}
@inproceedings{10,
  title={{Optimization and Improvement for Multi-UAV Cooperative Reconnaissance Mission Planning Problem}},
  author={Yang, Wei-Long and Lei, Luo and Deng, Jing-Sheng},
  booktitle={International Computer Conference on Wavelet Active Media Technology and Information Processing (ICCWAMTIP), 2014 11th },
  pages={10--15},
  year={2014},
  organization={IEEE},
  address={Chengdu, China},
}
@incollection{11,
  title={{Comprehensive Simulation of Quadrotor UAVs Using ROS and Gazebo}},
  author={Meyer, Johannes and Sendobry, Alexander and Kohlbrecher, Stefan and Klingauf, Uwe and von Stryk, Oskar},
  booktitle={Simulation, Modeling, and Programming for Autonomous Robots},
  pages={400--411},
  year={2012},
  publisher={Springer},
  address={Dramstadt},
}
@article{14,
  title={{Lissajous’s Figures}},
  author={Cundy, H and Rollett, A},
  journal={Mathematical Models},
  pages={242--244},
  year={1989}
}
@INPROCEEDINGS{15,
author={LaValle, Steven M.},
title={{Rapidly Exploring Random Trees A New Tool for Path Planning.}},
booktitle={Proceedings of the Mediterranean Conference on Control and Automation},
year={1998},
address={Sardinia, Italy},
}
@INCOLLECTION{16, 
  AUTHOR         = {Zhu W Li L Teng L Chenglong Y Jiaxun K}, 
  TITLE          = {{Enhanced Sparse A * Search for UAV Path Planning Using Dubins Path Estimation}},
  BOOKTITLE      = {Proceedings of the 33rd Chinese Control Conference},
  YEAR           = {2014},
  ADDRESS		 = {China},
}
@Book{17,
 author = {Sipser, Michael},
 title = {{Introduction to the Theory of Computation}},
 publisher = {Thomson Course Technology},
 year = {2006},
 address = {Boston},
 isbn = {0619217642}
 }
@INPROCEEDINGS{18,
  AUTHOR         = {Han J Wang C Yi G},
  TITLE          = {{Cooperative control of UAV Based on Multi-Agent System}},
  BOOKTITLE      = {Proceedings of the 2013 IEEE 8th Conference on Industrial Electronics and
 Applications, ICIEA 2013},
  YEAR           = {2013},
  ADDRESS		 = {Melbourne, Australia},
}
@inproceedings{19,
  title={{ROS: an open-source Robot Operating System}},
  author={Quigley, Morgan and Conley, Ken and Gerkey, Brian and Faust, Josh and Foote, Tully and Leibs, Jeremy and Wheeler, Rob and Ng, Andrew Y},
  booktitle={ICRA workshop on open source software},
  volume={3},
  pages={5},
  year={2009},
  address={Kobe, Japan},
}
@inproceedings{20,
  title={{Design and Use Paradigms for Gazebo, an Open-Source Multi-robot Simulator}},
  author={Koenig, Nathan and Howard, Andrew},
  booktitle={International Conference on Intelligent Robots and Systems, 2004.(IROS 2004). Proceedings. 2004 IEEE/RSJ },
  volume={3},
  pages={2149--2154},
  year={2004},
  organization={IEEE},
  address={Sendai, Japan},
}
@article{21,
 ISSN = {00029327, 10806377},
 URL = {http://www.jstor.org/stable/2372560},
 author = {L. E. Dubins},
 journal = {American Journal of Mathematics},
 number = {3},
 pages = {497-516},
 publisher = {Johns Hopkins University Press},
 title = {On Curves of Minimal Length with a Constraint on Average Curvature, and with Prescribed Initial and Terminal Positions and Tangents},
 volume = {79},
 year = {1957}
}
@inproceedings{23,
  title={Open robot control software: the OROCOS project},
  author={Bruyninckx, Herman},
  booktitle={IEEE International Conference on Robotics and Automation, 2001. Proceedings 2001 ICRA.},
  volume={3},
  pages={2523--2528},
  year={2001},
  organization={IEEE},
  address={Seoul, Korea},
}